@Article{Ferreira:2000:EC,
   author = {Jo{\~a}o Eduardo Ferreira and Marcelo Finger},
	title = {Controle de Concorr{\^e}ncia e distribui{\c c}{\~a}o de dados: a teoria cl{\'a}ssica, suas limita{\c c}{\~o}es e extens{\~o}es modernas},
   journal = {XII Escola de Computa{\c c}{\~a}o},
   year = {2000},
   pages = {73--83},
   month =  {July},
	Publisher = {SBC-Brasil},
   url   =  {http://www.cs.concordia.ca/ideas}
}

@inproceedings{Ferreira:1999:MOD,
	Author = {João Eduardo Ferreira and Gisele Busichia},
	Booktitle = {Proceedings of IEEE International Database Engineering and Application Symposium},
	Date-Modified = {2008-03-29 11:15:47 -0300},
	Pages = {442--452},
	Title = {Database modularization Design for the construction of flexible information system},
	Year = {1999}}

@article{FIALES,
	Author = {Vivian R. Fiales and Fabiane B. Nardon and S{\'e}rgio S. Furuie },
	Date-Added = {2008-03-25 19:13:43 -0300},
	Date-Modified = {2008-03-29 11:18:45 -0300},
	Journal = {Revista Eletr{\^o}nica de Inicia{\c c}{\~a}o Cient{\'\i}fica},
	Month = {Agosto},
	Title = {Constru{\c c}{\~a}o de um Servi{\c c}o de Identifica{\c c}{\~a}o de Pacientes},
	Year = {2001}}

@conference{borboleta2,
	Address = {},
	Author = {X1},
	Booktitle = {},
	Keywords = {},
	Month = {},
	Pages = {},
	Title = {Retirado para n{\~a}o identificar os autores.},
	Year = {}}


@conference{sagui2,
	Address = {},
	Author = {X2},
	Booktitle = {},
	Keywords = {},
	Month = {},
	Pages = {},
	Title = {Retirado para n{\~a}o identificar os autores.},
	Year = {}}

@INPROCEEDINGS{correia08,
  author = {Rafael Correia and Fabio Kon and Rubens Kon},
  title = {Borboleta: A \uppercase{M}obile \uppercase{T}elehealth \uppercase{S}ystem
	for \uppercase{P}rimary \uppercase{H}omecare},
  booktitle = {\uppercase{ACM} \uppercase{S}ymposium on \uppercase{A}pplied \uppercase{C}omputing},
  year = {2008}
}

@article{bates2003,
	Author = {David W. Bates and Mark Ebell and Edward Gotlieb and John Zapp and H.C. Mullins},
	Date-Modified = {2008-03-29 11:24:55 -0300},
	Journal = {Journal of the American Medical Informatics Association},
	Month = {Jan},
	Title = {A Proposal for Electronic Medical Records in {U.S.} Primary Care},
	Volume = {10},
	Number = {1},
	Pages = {1-10},
	Year = {2003}
}

@conference{sagui,
	Author = {Helves Domingues and Rafael Jos{\'e} Peres Correia and Fabio Kon and Jo{\~a}o Eduardo Ferreira and Rubens Kon},
	Booktitle = {XXVIII Congresso da SBC - WIM - Workshop de Inform{\'a}tica M{\'e}dica},
	Month = {Julho 12-18},
	Pages = {31-40},
	Title = {An{\'a}lise e Modelagem Conceitual de um Sistema de Prontu{\'a}rio Eletr{\^o}nico para Centros de Sa{\'u}de},
	Year = {2008}}

@article{HL7V3,
	Author = {George W. Beeler},
	Title = {{HL} 7 {V}ersion 3 - {A}n object-oriented methodology for collaborative standards development},
	Journal = {International Journal of Medical Informatics},
	Volume = {48},
	Number = {1},
	Pages = {151-161},
	Year = {1998}
}

@article{OpenEHR,
   Author =  {Thomas Beale and Sam. Heard},
   Journal = {Medinfo 2007: Proceedings of the 12th World Congress on Health (Medical) Informatics},
   Title  =  {An Ontology-based Model of Clinical Information},
   Pages = {760-764},
   Year = {2007}}

@article{Benguria2007,
   author = {Benguria, Gorka and Larrucea, Xabier},
   isbn = {0-7695-2785-X},
   journal = {International IEEE Conference on Commercial-off-the-Shelf-Based Software Systems},
   month = {fevereiro},
   pages = {172--181},
   title = {Data model transformation for supporting interoperability},
   year = {2007}
}

@article{Sujansky2001,
	author = {Sujansky, W},
	journal = {Journal of Biomedical Informatics},
	month = {agosto},
	title = {Heterogeneous database integration in biomedicine},
	volume = {34},
   number = {4},
	pages = {285--298},
	year = {2001}
}

@phdthesis{rest,
author = {Fielding, Roy Thomas},
school = {University of California},
title = {Architectural Styles and the Design of Network-based Software Architectures},
year = {2000}
}

@techreport{xslt,
author = {James Clark},
title = {{XSL} Transformations ({XSLT}) Version 1.0},
institution = {W3C},
year = {1999},
url = {www.w3.org/TR/xslt}
}

@article{Sheth1990,
author = {Sheth, Amit P. and Larson, James A.},
journal = {ACM Computing Surveys},
title = {Federated Database Systems for Managing Distributed, Heterogeneous, and Autonomous Databases},
volume = {22},
number = {3},
pages = {183--236},
year = {1990}
}

@article{Kistler1992,
key ={Kistler 1992},
author = {Kistler, James J. and Satyanarayanan, Mahadev},
journal = {ACM Transactions on Computer Systems},
title = {Disconnected Operation in the {C}oda File System},
volume = {10},
number = {1},
pages = {3--25},
year = {1992}
}

@inproceedings{Demers1994,
author = {Demers, A. and Petersen, K. and Spreitzer, M. and Terry, D. and Theimer, M. and Welch, B.},
booktitle = {Workshop on Mobile Computing Systems and Applications},
title = {The {B}ayou architecture: support for data sharing among mobile users},
pages = {2--7},
year = {1994}
}

@inproceedings{Kumar1995,
key = {Kumar 1995},
author = {Kumar, Puneet and Satyanarayanan, Mahadev},
booktitle = {Proceedings of the USENIX 1995 Technical Conference},
title = {Flexible and Safe Resolution of File Conflicts},
pages = {95--106},
year = {1995}
}

@inproceedings{Terry1995,
author = {Terry, D. B. and Theimer, M. M. and Petersen, Karin and Demers, A. J. and Spreitzer, M. J. and Hauser, C. H.},
booktitle = {ACM symposium on Operating systems principles - SOSP '95},
title = {Managing update conflicts in {B}ayou, a weakly connected replicated storage system},
pages = {172--182},
year = {1995}
}

@article{Jing1999,
author = {Jing, Jin and Helal, Abdelsalam and Elmagarmid, Ahmed},
journal = {ACM Computing Surveys},
title = {Client-Server Computing in Mobile Environments},
volume = {31},
Number = {2},
pages = {117--157},
year = {1999}
}

@article{Gollmick2003,
title={Replication in mobile database environments: a client-oriented approach},
author={Gollmick, C.},
journal={Proceedings of 14th International Workshop on Database and Expert Systems Applications},
year={2003},
month={Sept.},
volume={},
number={},
pages={980-981},
ISSN={1529-4188}
}

@inproceedings{Bastos2006,
author = {Bastos, L. C. and Almeida, J. H. M. and Neves, K. A. and Amaral, V. F.},
booktitle = {Congresso Brasileiro de Inform\'atica em Sa\'ude},
title = {{PEGO}: Prontu\'ario Eletr\^onico de Ginecologia e Obstetr\'icia},
pages = {1412--1416},
year = {2006}
}

@inproceedings{Murakami2004,
author = {Murakami, Alexandre and Kobayashi, Luiz O M and Tachinardi, Umberto and Gutierrez, Marco A and Furuie, Sérgio S. and Pires, Fábio Antero},
booktitle = {Congresso Brasileiro de Inform{\'a}tica em Sa{\'u}de},
title = {Acesso a Informa{\c c}{\~o}es M{\'e}dicas atrav{\'e}s do Uso de Sistemas de Computa{\c c}{\~a}o M{\'o}vel},
pages = {1--6},
year = {2004}
}

@article{Saito2005,
author = {Saito, Yasushi and Shapiro, Marc},
institution = {University of California},
journal = {ACM Computing Surveys},
title = {Optimistic Replication},
volume = {37},
number ={1},
pages = {42--81},
year = {2005}
}

@article{Arens1993,
author = {Arens, Yigal and Chee, Chin Y. and Knoblock, Craig A.},
journal = {International Journal of Intelligent and Cooperative Information Systems},
title = {Retrieving and integrating data from multiple information sources},
pages = {127--158},
year = {1993}
}
